% Encoding: UTF-8

@Book{intromachinelearn,
  title =     {Introduction to Machine Learning, Second Edition},
  publisher = {Cambridge},
  year =      {2010},
  author =    {Alpaydin, Ethem}
}

@PhdThesis{ref:rf_1,
  author = {Leo Breiman},
  title =  {Random Forests},
  school = {Statistics Department, University of California Berkeley},
  year =   {2001},
  type =   {Paper},
  month =  {January},
  url =    {https://www.stat.berkeley.edu/~breiman/randomforest2001.pdf}
}
